<?xml version="1.0" encoding="UTF-8"?><collection xmlns="http://www.loc.gov/MARC21/slim"><record><leader>00522nam--2200157-i-4500</leader><controlfield tag="001">000017265</controlfield><controlfield tag="002">20161230</controlfield><controlfield tag="005">20161230201032</controlfield><controlfield tag="008">060222s1000------------r-----000-0-eng-d</controlfield><datafield ind1=" " ind2=" " tag="020"><subfield code="a">92-826-1</subfield></datafield><datafield ind1=" " ind2=" " tag="080"><subfield code="a">621.039.7</subfield></datafield><datafield ind1=" " ind2=" " tag="100"><subfield code="a">M. Klein /S.A.</subfield></datafield><datafield ind1=" " ind2=" " tag="245"><subfield code="a">Immobilization of cladding waste by press comp action and conditioning for final disposal by encapsulation in a lead container</subfield></datafield><datafield ind1=" " ind2=" " tag="260"><subfield code="a">Luxembourg: Office For Official Publications Of The European Communities, 1990,46 P</subfield></datafield><datafield ind1=" " ind2=" " tag="490"><subfield code="a">Eur 13066</subfield></datafield><datafield ind1=" " ind2=" " tag="852"><subfield code="a">80165</subfield></datafield></record></collection>